<collection xmlns="http://www.loc.gov/MARC21/slim">
<record>
  <leader>01288nam0a2200301 i 450 </leader>
  <controlfield tag="001">IT\ICCU\CNCE\015110</controlfield>
  <controlfield tag="005">19981201000000.0</controlfield>
  <datafield tag="012" ind1=" " ind2=" ">
    <subfield code="a">inr. poex roa- r.is (C) 1582 (R)</subfield>
    <subfield code="2">fei</subfield>
  </datafield>
  <datafield tag="100" ind1=" " ind2=" ">
    <subfield code="a">19970101d1582        0itac0103    ba</subfield>
  </datafield>
  <datafield tag="101" ind1=" " ind2=" ">
    <subfield code="a">LAT</subfield>
  </datafield>
  <datafield tag="102" ind1=" " ind2=" ">
    <subfield code="a">IT</subfield>
  </datafield>
  <datafield tag="200" ind1="1" ind2=" ">
    <subfield code="a">Constitutiones fratrum minorum conuentualium. MDLXXXI</subfield>
  </datafield>
  <datafield tag="210" ind1=" " ind2=" ">
    <subfield code="a">Mediolani</subfield>
    <subfield code="c">apud Pacificum Pontium</subfield>
    <subfield code="d">1582</subfield>
  </datafield>
  <datafield tag="215" ind1=" " ind2=" ">
    <subfield code="a">\4! c.</subfield>
    <subfield code="c">ill.</subfield>
    <subfield code="d">4ʻ</subfield>
  </datafield>
  <datafield tag="620" ind1=" " ind2=" ">
    <subfield code="a">IT</subfield>
    <subfield code="d">Milano</subfield>
  </datafield>
  <datafield tag="710" ind1="0" ind2="2">
    <subfield code="a">Conventuali</subfield>
    <subfield code="3">IT\ICCU\CNCT\003474</subfield>
  </datafield>
  <datafield tag="712" ind1="0" ind2="0">
    <subfield code="a">Da_Ponte, Pacifico</subfield>
    <subfield code="3">IT\ICCU\CNCT\000162</subfield>
    <subfield code="4">650</subfield>
  </datafield>
  <datafield tag="791" ind1="0" ind2="2">
    <subfield code="a">Ordo fratrum minorum conventualium</subfield>
    <subfield code="3">15501</subfield>
    <subfield code="z">Conventuali</subfield>
  </datafield>
  <datafield tag="791" ind1="0" ind2="2">
    <subfield code="a">Fratres s. Francisci conventuales</subfield>
    <subfield code="3">15502</subfield>
    <subfield code="z">Conventuali</subfield>
  </datafield>
  <datafield tag="791" ind1="0" ind2="2">
    <subfield code="a">Frati minori conventuali</subfield>
    <subfield code="3">26310</subfield>
    <subfield code="z">Conventuali</subfield>
  </datafield>
  <datafield tag="791" ind1="0" ind2="0">
    <subfield code="a">Pontius, Pacificus</subfield>
    <subfield code="3">IT\ICCU\CNCT\003713</subfield>
    <subfield code="z">Da_Ponte, Pacifico</subfield>
  </datafield>
  <datafield tag="791" ind1="0" ind2="0">
    <subfield code="a">Ponte, Pacifico da</subfield>
    <subfield code="3">IT\ICCU\CNCT\003714</subfield>
    <subfield code="z">Da_Ponte, Pacifico</subfield>
  </datafield>
  <datafield tag="791" ind1="0" ind2="0">
    <subfield code="a">Pontio, Pacifico</subfield>
    <subfield code="3">IT\ICCU\CNCT\004493</subfield>
    <subfield code="z">Da_Ponte, Pacifico</subfield>
  </datafield>
  <datafield tag="791" ind1="0" ind2="0">
    <subfield code="a">Ponticus, Pacificus</subfield>
    <subfield code="3">IT\ICCU\CNCT\004494</subfield>
    <subfield code="z">Da_Ponte, Pacifico</subfield>
  </datafield>
  <datafield tag="791" ind1="0" ind2="0">
    <subfield code="a">Ponzio, Pacifico</subfield>
    <subfield code="3">IT\ICCU\CNCT\004496</subfield>
    <subfield code="z">Da_Ponte, Pacifico</subfield>
  </datafield>
  <datafield tag="801" ind1=" " ind2="3">
    <subfield code="a">IT</subfield>
    <subfield code="b">ICCU</subfield>
    <subfield code="c">20201114</subfield>
  </datafield>
  <datafield tag="899" ind1=" " ind2=" ">
    <subfield code="a">Biblioteca comunale Augusta. Perugia</subfield>
    <subfield code="1">PG0109</subfield>
    <subfield code="2">UM1 01</subfield>
  </datafield>
  <datafield tag="899" ind1=" " ind2=" ">
    <subfield code="a">Biblioteca del Seminario vescovile. Fidenza</subfield>
    <subfield code="1">PR0011</subfield>
    <subfield code="2">ZPR 08</subfield>
  </datafield>
</record>
</collection>
